@article{sitorus13_biogas_recov_from_anaer_diges,
  author =       {Berlian Sitorus and Sukandar and Seno D. Panjaitan},
  title =        {Biogas Recovery From Anaerobic Digestion Process of Mixed
                  Fruit -vegetable Wastes},
  journal =      {Energy Procedia},
  volume =       32,
  number =       {nil},
  pages =        {176-182},
  year =         2013,
  doi =          {10.1016/j.egypro.2013.05.023},
  url =          {https://doi.org/10.1016/j.egypro.2013.05.023},
  DATE_ADDED =   {Tue Jan 15 21:56:58 2019},
}


@inbook{hutnan16_maize_silag_subst_biogas_produc,
  DATE_ADDED =   {Tue Jan 15 21:58:24 2019},
  author =       {Miroslav Hutnan},
  booktitle =    {Advances in Silage Production and Utilization},
  doi =          {10.5772/64378},
  pages =        {nil},
  publisher =    {InTech},
  series =       {Advances in Silage Production and Utilization},
  title =        {Maize Silage as Substrate for Biogas Production},
  url =          {https://doi.org/10.5772/64378},
  year =         {2016},
}




@inproceedings{clauss16_measur_tunab_diode_laser_absor_spect,
  author =       {Tina Clauss},
  title =        {Measurement of methane emission on biogas plants using Tunable
                  Diode Laser Absorption Spectroscopy},
  booktitle =    {Light, Energy and the Environment},
  year =         2016,
  pages =        {nil},
  doi =          {10.1364/fts.2016.jw4a.27},
  url =          {https://doi.org/10.1364/fts.2016.jw4a.27},
  DATE_ADDED =   {Tue Jan 15 22:07:20 2019},
  month =        {-},
}


@article{wardhani17_numer_study_anaer_diges_proces,
  author =       {Puteri Kusuma Wardhani and Masaji Watanabe},
  title =        {Numerical Study of Anaerobic Digestion Processes and Biogas
                  Generation From Fruit and Vegetable Waste},
  journal =      {Universal Journal of Agricultural Research},
  volume =       5,
  number =       3,
  pages =        {197-201},
  year =         2017,
  doi =          {10.13189/ujar.2017.050303},
  url =          {https://doi.org/10.13189/ujar.2017.050303},
  DATE_ADDED =   {Tue Jan 15 22:11:45 2019},
}


@article{84_biogas_produc_utiliz,
  author =       {null},
  title =        {Biogas Production and Utilization},
  journal =      {Solar Energy},
  volume =       {33},
  number =       {5},
  pages =        {472-473},
  year =         {1984},
  doi =          {10.1016/0038-092x(84)90209-3},
  url =          {https://doi.org/10.1016/0038-092x(84)90209-3},
  DATE_ADDED =   {Wed Jan 16 00:13:06 2019},
}


@book{deublein10_biogas_waste_renew_resour,
  author =       {Dieter Deublein and Angelika Steinhauser},
  title =        {Biogas from Waste and Renewable Resources},
  year =         2010,
  publisher =    {Wiley-VCH Verlag GmbH \& Co. KGaA},
  url =          {https://doi.org/10.1002/9783527632794},
  DATE_ADDED =   {Wed Jan 16 00:17:02 2019},
  doi =          {10.1002/9783527632794},
  pages =        {nil},
  series =       {[]},
}

@article{carlos-hernandez09_fuzzy_obser_anaer_wwtp,
  author =       {S. Carlos-Hernandez and E.N. Sanchez and J.F. B{\'e}teau},
  title =        {Fuzzy Observers for Anaerobic Wwtp: Development and
                  Implementation},
  journal =      {Control Engineering Practice},
  volume =       17,
  number =       6,
  pages =        {690-702},
  year =         2009,
  doi =          {10.1016/j.conengprac.2008.11.008},
  url =          {https://doi.org/10.1016/j.conengprac.2008.11.008},
  DATE_ADDED =   {Wed Jan 16 00:17:58 2019},
}


@article{yu13_mathem_model_anaer_diges_ad,
  author =       {Liang Yu and Pierre Christian Wensel},
  title =        {Mathematical Modeling in Anaerobic Digestion (AD)},
  journal =      {Journal of Bioremediation \& Biodegradation},
  volume =       {s4},
  number =       {nil},
  pages =        {nil},
  year =         2013,
  doi =          {10.4172/2155-6199.s4-003},
  url =          {https://doi.org/10.4172/2155-6199.s4-003},
  DATE_ADDED =   {Wed Jan 16 00:37:00 2019},
}


@article{donoso-bravo11_model_selec_ident_valid_anaer_diges,
  author =       {Andres Donoso-Bravo and Johan Mailier and Cristina Martin and
                  Jorge Rodr{\'i}guez and C{\'e}sar Arturo Aceves-Lara and Alain
                  Vande Wouwer},
  title =        {Model Selection, Identification and Validation in Anaerobic
                  Digestion: a Review},
  journal =      {Water Research},
  volume =       45,
  number =       17,
  pages =        {5347-5364},
  year =         2011,
  doi =          {10.1016/j.watres.2011.08.059},
  url =          {https://doi.org/10.1016/j.watres.2011.08.059},
  DATE_ADDED =   {Wed Jan 16 00:37:53 2019},
}


@inproceedings{inproceedings,
author = {Benedikt, Florian and Schmid, Johannes and Hofbauer, Hermann},
year = {2017},
month = {06},
pages = {},
title = {Waste Gasification with an Advanced 100 kW Dual Fluidized Bed Gasifier},
doi = {10.18690/978-961-286-063-9.6}
}


@article{G._Brener-A._Shinibekova-R._2017,
 title={Scale-up of the installations for the biogas production and purification},
 volume={61}, url={http://doi.org/10.3303/CET1761240},
 DOI={10.3303/CET1761240},
 journal={Chemical Engineering Transactions},
 publisher={AIDIC: Italian Association of Chemical Engineering},
 author={Sakhmetova G. and Brener A. and Shinibekova R.},
year={2017},
 month={Oct},
 pages={1453–1458}
}


@article{amigun08_commer_biofuel_indus_afric,
  author =       {B. Amigun and R. Sigamoney and H. von Blottnitz},
  title =        {Commercialisation of Biofuel Industry in Africa: a Review},
  journal =      {Renewable and Sustainable Energy Reviews},
  volume =       12,
  number =       3,
  pages =        {690-711},
  year =         2008,
  doi =          {10.1016/j.rser.2006.10.019},
  url =          {https://doi.org/10.1016/j.rser.2006.10.019},
  DATE_ADDED =   {Wed Jan 16 01:40:25 2019},
}


@article{kamp16_emerg_domes_biogas_sector,
  author =       {Linda Manon Kamp and Esteban Berm{\'u}dez Forn},
  title =        {Ethiopia׳s Emerging Domestic Biogas Sector: Current Status,
                  Bottlenecks and Drivers},
  journal =      {Renewable and Sustainable Energy Reviews},
  volume =       60,
  number =       {nil},
  pages =        {475-488},
  year =         2016,
  doi =          {10.1016/j.rser.2016.01.068},
  url =          {https://doi.org/10.1016/j.rser.2016.01.068},
  DATE_ADDED =   {Wed Jan 16 01:41:25 2019},
}


@article{walekhwa09_biogas_energ_from_famil_sized_diges_ugand,
  author =       {Peter N. Walekhwa and Johnny Mugisha and Lars Drake},
  title =        {Biogas Energy From Family-Sized Digesters in Uganda: Critical
                  Factors and Policy Implications},
  journal =      {Energy Policy},
  volume =       37,
  number =       7,
  pages =        {2754-2762},
  year =         2009,
  doi =          {10.1016/j.enpol.2009.03.018},
  url =          {https://doi.org/10.1016/j.enpol.2009.03.018},
  DATE_ADDED =   {Wed Jan 16 01:42:30 2019},
}


@article{kalia88_devel_evaluat_fixed_dome_plug,
  author =       {Anjan K. Kalia},
  title =        {Development and Evaluation of a Fixed Dome Plug Flow Anaerobic
                  Digester},
  journal =      {Biomass},
  volume =       16,
  number =       4,
  pages =        {225-235},
  year =         1988,
  doi =          {10.1016/0144-4565(88)90028-5},
  url =          {https://doi.org/10.1016/0144-4565(88)90028-5},
  DATE_ADDED =   {Wed Jan 16 01:43:23 2019},
}


@article{reddy04_lesson_from_pura_commun_biogas_projec,
  author =       {Amulya K.N. Reddy},
  title =        {Lessons From the Pura Community Biogas Project},
  journal =      {Energy for Sustainable Development},
  volume =       8,
  number =       3,
  pages =        {68-73},
  year =         2004,
  doi =          {10.1016/s0973-0826(08)60468-8},
  url =          {https://doi.org/10.1016/s0973-0826(08)60468-8},
  DATE_ADDED =   {Wed Jan 16 01:46:31 2019},
}

@article{rajendran12_househ_biogas_diges_review,
  author =       {Karthik Rajendran and Solmaz Aslanzadeh and Mohammad J.
                  Taherzadeh},
  title =        {Household Biogas Digesters-A Review},
  journal =      {Energies},
  volume =       5,
  number =       8,
  pages =        {2911-2942},
  year =         2012,
  doi =          {10.3390/en5082911},
  url =          {https://doi.org/10.3390/en5082911},
  DATE_ADDED =   {Wed Jan 16 01:48:07 2019},
}

@article{18_bioph_charac_palm_oil_mill,
  author =       {null},
  title =        {Biophysical Characterization of Palm Oil Mill Effluent From
                  Adapalm, Imo State Nigeria},
  journal =      {Journal of Environmental Studies},
  volume =       {4},
  number =       {1},
  pages =        {01-04},
  year =         {2018},
  doi =          {10.13188/2471-4879.1000025},
  url =          {https://doi.org/10.13188/2471-4879.1000025},
  DATE_ADDED =   {Wed Jan 16 01:53:17 2019},
}

@article{Marek_Vondra_Vítězslav_Máša_Petr_Bobák,
  title =         {The potential for digestate thickening in biogas plants and evaluation of possible evaporation methods},
  volume =        {52},
  url =           {http://doi.org/10.3303/CET1652132},
  DOI =           {10.3303/CET1652132},
  journal =       {Chemical Engineering Transactions},
  publisher =     {AIDIC: Italian Association of Chemical Engineering},
  author =        {Vondra M. and Masa V. and Bobak P.},
  year =          {2016},
  month =         {Oct},
  pages =         {787–792},
}

@article{Cucek_L_Hjaila_K_Klemes_JJ_Kravanja_Z_2017, title={Onion diagram implementation to the synthesis of a biogas production network}, volume={61}, url={http://doi.org/10.3303/CET1761279}, DOI={10.3303/CET1761279}, journal={Chemical Engineering Transactions}, publisher={AIDIC: Italian Association of Chemical Engineering}, author={Cucek L. and Hjaila K. and Klemes J.J. and Kravanja Z.}, year={2017}, month={Oct}, pages={1687–1692}}

@Article{Arthur_2011,
  author       = {Arthur, Richard and Baidoo, Martina Francisca and Antwi,
                  Edward},
  title        = {Biogas as a potential renewable energy source: A Ghanaian case
                  study},
  year         = 2011,
  volume       = 36,
  number       = 5,
  month        = {May},
  pages        = {1510–1516},
  issn         = {0960-1481},
  doi          = {10.1016/j.renene.2010.11.012},
  url          = {http://dx.doi.org/10.1016/j.renene.2010.11.012},
  journal      = {Renewable Energy},
  publisher    = {Elsevier BV}
}
