@Article{Suzuki_2007,
  author          = {Suzuki, Kazuyoshi and Tanaka, Yasuo and Kuroda, Kazutaka
                  and Hanajima, Dai and Fukumoto, Yasuyuki and Yasuda, Tomoko
                  and Waki, Miyoko},
  title           = {Removal and recovery of phosphorous from swine wastewater
                  by demonstration crystallization reactor and struvite
                  accumulation device},
  year            = 2007,
  volume          = 98,
  number          = 8,
  month           = {May},
  pages           = {1573–1578},
  issn            = {0960-8524},
  doi             = {10.1016/j.biortech.2006.06.008},
  url             = {http://dx.doi.org/10.1016/j.biortech.2006.06.008},
  journal         = {Bioresource Technology},
  publisher       = {Elsevier BV}
}

@Article{Efficiency_and_mechanism_of_phosphorus_removal_by_coagulation_of_iron_manganese_composited_oxide,
  author          = {Y.L. Yang, X. Li, C.X. Guo, F.W. Zhao, F. Jia},
  title           = {Efficiency and mechanism of phosphorus removal by coagulation of iron–manganese composited oxide},
  year            = 2009,
  journal         = {Chemical Research in Chinese Universities 2},
}


@article{song07_seed_selec_cryst_calcium_phosp_phosp_recov,
  author          = {Yong-hui SONG and Dietfried DONNERT and Ute BERG and Peter
                  G. WEIDLER and Rolf NUEESCH},
  title           = {Seed Selections for Crystallization of Calcium Phosphate
                  for Phosphorus Recovery},
  journal         = {Journal of Environmental Sciences},
  volume          = {19},
  number          = {5},
  pages           = {591-595},
  year            = {2007},
  doi             = {10.1016/s1001-0742(07)60098-9},
  url             = {https://doi.org/10.1016/s1001-0742(07)60098-9},
  DATE_ADDED      = {Sat Mar 2 18:21:23 2019},
}


@article{chen09_phosp_remov_recov_throug_cryst,
  author          = {Xuechu CHEN and Hainan KONG and Deyi WU and Xinze WANG and
                  Yongyong LIN},
  title           = {Phosphate Removal and Recovery Through Crystallization of
                  Hydroxyapatite Using Xonotlite As Seed Crystal},
  journal         = {Journal of Environmental Sciences},
  volume          = {21},
  number          = {5},
  pages           = {575-580},
  year            = {2009},
  doi             = {10.1016/s1001-0742(08)62310-4},
  url             = {https://doi.org/10.1016/s1001-0742(08)62310-4},
  DATE_ADDED      = {Sat Mar 2 18:22:12 2019},
}

@article{muench01_contr_struv_cryst_remov_phosp,
  author          = {Elisabeth V M{\"u}nch and Keith Barr},
  title           = {Controlled Struvite Crystallisation for Removing Phosphorus
                  From Anaerobic Digester Sidestreams},
  journal         = {Water Research},
  volume          = {35},
  number          = {1},
  pages           = {151-159},
  year            = {2001},
  doi             = {10.1016/s0043-1354(00)00236-0},
  url             = {https://doi.org/10.1016/s0043-1354(00)00236-0},
  DATE_ADDED      = {Sat Mar 2 18:22:38 2019},
}


@article{song06_calcit_seeded_cryst_calcium_phosp_phosp_recov,
  author          = {Yonghui Song and Peter G. Weidler and Ute Berg and Rolf
                  N{\"u}esch and Dietfried Donnert},
  title           = {Calcite-Seeded Crystallization of Calcium Phosphate for
                  Phosphorus Recovery},
  journal         = {Chemosphere},
  volume          = {63},
  number          = {2},
  pages           = {236-243},
  year            = {2006},
  doi             = {10.1016/j.chemosphere.2005.08.021},
  url             = {https://doi.org/10.1016/j.chemosphere.2005.08.021},
  DATE_ADDED      = {Sat Mar 2 18:22:58 2019},
}


@article{liu03_influen_ph_temper_morph_hydrox,
  author          = {Jingbing Liu and Xiaoyue Ye and Hao Wang and Mankang Zhu
                  and Bo Wang and Hui Yan},
  title           = {The Influence of Ph and Temperature on the Morphology of
                  Hydroxyapatite Synthesized By Hydrothermal Method},
  journal         = {Ceramics International},
  volume          = {29},
  number          = {6},
  pages           = {629-633},
  year            = {2003},
  doi             = {10.1016/s0272-8842(02)00210-9},
  url             = {https://doi.org/10.1016/s0272-8842(02)00210-9},
  DATE_ADDED      = {Sat Mar 2 18:23:20 2019},
}


@article{hood01_bioch_hypot_explain_respon_enhan,
  author          = {Cathy R Hood and Andrew Amis Randall},
  title           = {A Biochemical Hypothesis Explaining the Response of
                  Enhanced Biological Phosphorus Removal Biomass To Organic
                  Substrates},
  journal         = {Water Research},
  volume          = {35},
  number          = {11},
  pages           = {2758-2766},
  year            = {2001},
  doi             = {10.1016/s0043-1354(00)00573-x},
  url             = {https://doi.org/10.1016/s0043-1354(00)00573-x},
  DATE_ADDED      = {Sat Mar 2 18:23:35 2019},
}


@article{battistoni00_struv_cryst,
  author          = {P Battistoni},
  title           = {Struvite Crystallization: a Feasible and Reliable Way To
                  Fix Phosphorus in Anaerobic Supernatants},
  journal         = {Water Research},
  volume          = {34},
  number          = {11},
  pages           = {3033-3041},
  year            = {2000},
  doi             = {10.1016/s0043-1354(00)00045-2},
  url             = {https://doi.org/10.1016/s0043-1354(00)00045-2},
  DATE_ADDED      = {Sat Mar 2 18:23:57 2019},
}


@article{sengupta11_selec_remov_phosp_from_wastew,
  author          = {Sukalyan Sengupta and Arka Pandit},
  title           = {Selective Removal of Phosphorus From Wastewater Combined
                  With Its Recovery As a Solid-Phase Fertilizer},
  journal         = {Water Research},
  volume          = {45},
  number          = {11},
  pages           = {3318-3330},
  year            = {2011},
  doi             = {10.1016/j.watres.2011.03.044},
  url             = {https://doi.org/10.1016/j.watres.2011.03.044},
  DATE_ADDED      = {Sat Mar 2 18:24:24 2019},
}


@article{battistoni01_phosp_remov_from_real_anaer,
  author          = {P Battistoni and A De Angelis and P Pavan and M
                  Prisciandaro and F Cecchi},
  title           = {Phosphorus Removal From a Real Anaerobic Supernatant By
                  Struvite Crystallization},
  journal         = {Water Research},
  volume          = {35},
  number          = {9},
  pages           = {2167-2178},
  year            = {2001},
  doi             = {10.1016/s0043-1354(00)00498-x},
  url             = {https://doi.org/10.1016/s0043-1354(00)00498-x},
  DATE_ADDED      = {Sat Mar 2 18:24:43 2019},
}


@article{renman10_long_term_phosp_remov_by,
  author          = {Agnieszka Renman and Gunno Renman},
  title           = {Long-Term Phosphate Removal By the Calcium-Silicate
                  Material Polonite in Wastewater Filtration Systems},
  journal         = {Chemosphere},
  volume          = {79},
  number          = {6},
  pages           = {659-664},
  year            = {2010},
  doi             = {10.1016/j.chemosphere.2010.02.035},
  url             = {https://doi.org/10.1016/j.chemosphere.2010.02.035},
  DATE_ADDED      = {Sat Mar 2 18:25:01 2019},
}


@article{de-bashan04_recen_advan_remov_phosp_from,
  author          = {Luz E. de-Bashan and Yoav Bashan},
  title           = {Recent Advances in Removing Phosphorus From Wastewater and
                  Its Future Use As Fertilizer (1997-2003)},
  journal         = {Water Research},
  volume          = {38},
  number          = {19},
  pages           = {4222-4246},
  year            = {2004},
  doi             = {10.1016/j.watres.2004.07.014},
  url             = {https://doi.org/10.1016/j.watres.2004.07.014},
  DATE_ADDED      = {Sat Mar 2 18:25:21 2019},
}


@article{yin11_phosp_remov_from_wastew_by,
  author          = {Hongbin Yin and Ye Yun and Yinlong Zhang and Chengxin Fan},
  title           = {Phosphate Removal From Wastewaters By a Naturally
                  Occurring, Calcium-Rich Sepiolite},
  journal         = {Journal of Hazardous Materials},
  volume          = {198},
  number          = {nil},
  pages           = {362-369},
  year            = {2011},
  doi             = {10.1016/j.jhazmat.2011.10.072},
  url             = {https://doi.org/10.1016/j.jhazmat.2011.10.072},
  DATE_ADDED      = {Sat Mar 2 18:25:51 2019},
}


@article{westholm06_subst_phosp_remov_poten_benef,
  author          = {Lena Johansson Westholm},
  title           = {Substrates for Phosphorus Removal-Potential Benefits for
                  On-Site Wastewater Treatment?},
  journal         = {Water Research},
  volume          = {40},
  number          = {1},
  pages           = {23-36},
  year            = {2006},
  doi             = {10.1016/j.watres.2005.11.006},
  url             = {https://doi.org/10.1016/j.watres.2005.11.006},
  DATE_ADDED      = {Sat Mar 2 18:26:17 2019},
}


@article{baur04_dissol_precip_behav_ettrin_monos,
  author          = {Isabel Baur and Peter Keller and Denis Mavrocordatos and
                  Bernhard Wehrli and C.Annette Johnson},
  title           = {Dissolution-Precipitation Behaviour of Ettringite,
                  Monosulfate, and Calcium Silicate Hydrate},
  journal         = {Cement and Concrete Research},
  volume          = {34},
  number          = {2},
  pages           = {341-348},
  year            = {2004},
  doi             = {10.1016/j.cemconres.2003.08.016},
  url             = {https://doi.org/10.1016/j.cemconres.2003.08.016},
  DATE_ADDED      = {Sat Mar 2 18:27:19 2019},
}


@article{chen04_solub_struc_calcium_silic_hydrat,
  author          = {Jeffrey J. Chen and Jeffrey J. Thomas and Hal F.W. Taylor
                  and Hamlin M. Jennings},
  title           = {Solubility and Structure of Calcium Silicate Hydrate},
  journal         = {Cement and Concrete Research},
  volume          = {34},
  number          = {9},
  pages           = {1499-1519},
  year            = {2004},
  doi             = {10.1016/j.cemconres.2004.04.034},
  url             = {https://doi.org/10.1016/j.cemconres.2004.04.034},
  DATE_ADDED      = {Sat Mar 2 18:27:50 2019},
}


@article{soyer-uzun11_compos_evolut_calcium_silic_hydrat,
  author          = {Sezen Soyer-Uzun and Sejung Rosie Chae and Chris J. Benmore
                  and Hans-Rudolf Wenk and Paulo J. M. Monteiro},
  title           = {Compositional Evolution of Calcium Silicate Hydrate (C-S-H)
                  Structures By Total X-Ray Scattering},
  journal         = {Journal of the American Ceramic Society},
  volume          = {95},
  number          = {2},
  pages           = {793-798},
  year            = {2011},
  doi             = {10.1111/j.1551-2916.2011.04989.x},
  url             = {https://doi.org/10.1111/j.1551-2916.2011.04989.x},
  DATE_ADDED      = {Sat Mar 2 18:28:05 2019},
}


@article{richardson04_tober_tober_hydrox_based_model,
  author          = {I.G. Richardson},
  title           = {Tobermorite/jennite- and Tobermorite/calcium
                  Hydroxide-Based Models for the Structure of C-S-h:
                  Applicability To Hardened Pastes of Tricalcium Silicate,
                  $\beta$-dicalcium Silicate, Portland Cement, and Blends of
                  Portland Cement With Blast-Furnace Slag, Metakaolin, Or Silica
                  Fume},
  journal         = {Cement and Concrete Research},
  volume          = {34},
  number          = {9},
  pages           = {1733-1777},
  year            = {2004},
  doi             = {10.1016/j.cemconres.2004.05.034},
  url             = {https://doi.org/10.1016/j.cemconres.2004.05.034},
  DATE_ADDED      = {Sat Mar 2 18:28:22 2019},
}


@article{li04_format_micro_porous_spher_partic,
  author          = {Maoqiang Li and Hongxun Liang},
  title           = {Formation of Micro-Porous Spherical Particles of Calcium
                  Silicate (xonotlite) in Dynamic Hydrothermal Process},
  journal         = {China Particuology},
  volume          = {2},
  number          = {3},
  pages           = {124-127},
  year            = {2004},
  doi             = {10.1016/s1672-2515(07)60037-2},
  url             = {https://doi.org/10.1016/s1672-2515(07)60037-2},
  DATE_ADDED      = {Sat Mar 2 18:28:44 2019},
}


@article{mansur10_prepar_charac_cytoc_bioac_coatin,
  author          = {Alexandra A.P. Mansur and Herman S. Mansur},
  title           = {Preparation, Characterization and Cytocompatibility of
                  Bioactive Coatings on Porous Calcium-Silicate-Hydrate
                  Scaffolds},
  journal         = {Materials Science and Engineering: C},
  volume          = {30},
  number          = {2},
  pages           = {288-294},
  year            = {2010},
  doi             = {10.1016/j.msec.2009.11.004},
  url             = {https://doi.org/10.1016/j.msec.2009.11.004},
  DATE_ADDED      = {Sat Mar 2 18:29:07 2019},
}


@article{gustafsson08_phosp_remov_by_miner_based,
  author          = {Jon Petter Gustafsson and Agnieszka Renman and Gunno Renman
                  and Katarina Poll},
  title           = {Phosphate Removal By Mineral-Based Sorbents Used in Filters
                  for Small-Scale Wastewater Treatment},
  journal         = {Water Research},
  volume          = {42},
  number          = {1-2},
  pages           = {189-197},
  year            = {2008},
  doi             = {10.1016/j.watres.2007.06.058},
  url             = {https://doi.org/10.1016/j.watres.2007.06.058},
  DATE_ADDED      = {Sat Mar 2 18:29:26 2019},
}


@article{kim03_effec_ph_sulfat_sodium_edta_titrat_calcium,
  author          = {Jeewoong Kim and C Vipulanandan},
  title           = {Effect of Ph, Sulfate and Sodium on the Edta Titration of
                  Calcium},
  journal         = {Cement and Concrete Research},
  volume          = {33},
  number          = {5},
  pages           = {621-627},
  year            = {2003},
  doi             = {10.1016/s0008-8846(02)01043-8},
  url             = {https://doi.org/10.1016/s0008-8846(02)01043-8},
  DATE_ADDED      = {Sat Mar 2 18:29:47 2019},
}


@article{Poreestructure_and_surface_fractal_characteristics_of_calcium_silicate_hydrates_contained_organic_macromolecule,
  author          = {W.S. Zhang, H.X. Wang, J.Y. Ye,},
  title           = {Pore structure and surface fractal
characteristics of calcium silicate hydrates contained organic macromolecule},
  journal         = {Journal of the Chinese Ceramic Society},
  volume          = {12},
  pages           = {1497–1502},
  year            = {2006},
}


@article{demirkıran07_dissol_kinet_ulexit_perch_acid_solut,
  author          = {Nizamettin Demirkıran and Asım K{\"u}nk{\"u}l},
  title           = {Dissolution Kinetics of Ulexite in Perchloric Acid
                  Solutions},
  journal         = {International Journal of Mineral Processing},
  volume          = {83},
  number          = {1-2},
  pages           = {76-80},
  year            = {2007},
  doi             = {10.1016/j.minpro.2007.04.007},
  url             = {https://doi.org/10.1016/j.minpro.2007.04.007},
  DATE_ADDED      = {Sat Mar 2 18:33:16 2019},
}


@article{liu12_remov_high_concen_phosp_by_calcit,
  author          = {Yun Liu and Xia Sheng and Yuanhua Dong and Yijie Ma},
  title           = {Removal of High-Concentration Phosphate By Calcite: Effect
                  of Sulfate and Ph},
  journal         = {Desalination},
  volume          = {289},
  number          = {nil},
  pages           = {66-71},
  year            = {2012},
  doi             = {10.1016/j.desal.2012.01.011},
  url             = {https://doi.org/10.1016/j.desal.2012.01.011},
  DATE_ADDED      = {Sat Mar 2 18:33:33 2019},
}


@article{gallucci07_cryst_calcium_hydrox_early_age,
  author          = {E. Gallucci and K. Scrivener},
  title           = {Crystallisation of Calcium Hydroxide in Early Age Model and
                  Ordinary Cementitious Systems},
  journal         = {Cement and Concrete Research},
  volume          = {37},
  number          = {4},
  pages           = {492-501},
  year            = {2007},
  doi             = {10.1016/j.cemconres.2007.01.001},
  url             = {https://doi.org/10.1016/j.cemconres.2007.01.001},
  DATE_ADDED      = {Sat Mar 2 18:33:48 2019},
}
