@article{造纸白泥制备陶瓷滤料的技术研究,
  author =       {顾敏佳, 秦娟, 崔崇, 崔晓昱, 唐国强},
  title =        {造 纸 白泥 制 备 陶瓷滤 料 的技 术 研 究},
  journal =      {China Pu ＆ Paper},
  year =         2012,
  doi =          {10.11980/j.issn.0254-508X.2017.03.O13},
}

@article{article,
author = {Said, Abd-El-Aziz and Aly, Aref and A. Ahmed, A and S. Ahmed, H},
year = {2014},
month = {06},
pages = {41-46},
title = {Utilization of lime mud as a filler in paper making},
volume = {43},
journal = {Assiut University Journal of Chemistry}
}

@book{Needham_Joseph_1986_Science_and_Civilization_in_China,
author = {Needham, Joseph},
title = {Science and Civilization in China, Part 1},
  volume          = 5,
year = {1986},

pages={122–123},
}

@book{World_Archaeological_Congress_eNewsletter,
author = {Madeleine Regan},
title = {World Archaeological Congress eNewsletter},
year = {2006},
month = {08},
}

@article{In_Encyclopædia_Britannica,
title={In: Encyclopædia Britannica. },
author={Papermaking},
year={2007},
}

@article{Science_and_Civilization_in_China,
title={Science and Civilization in China, Part 1},
author={Needham, Joseph},
year={1986},
  volume          = 5,
pages={1–2},
}

@article{Science_and_Civilization_in_China,
title={Science and Civilization in China, Part 1},
author={Needham, Joseph},
  volume          = 5,
year={1986},
pages={123–124},
}

@Article{Mahdavi_2003,
  author          = {Mahdavi, Farid},
  title           = {Paper Before Print: The History and Impact of Paper in the
                  Islamic World. By Jonathan M. Bloom (New Haven, Yale
                  University Press, 2001) 270 pp. $45.00},
  year            = 2003,
  volume          = 34,
  number          = 1,
  month           = {Jul},
  pages           = {129–130},
  issn            = {1530-9169},
  doi             = {10.1162/002219503322645899},
  url             = {http://dx.doi.org/10.1162/002219503322645899},
  journal         = {Journal of Interdisciplinary History},
  publisher       = {MIT Press - Journals}
}


@article{a_study_of_the_ancient_craft,
title={a study of the ancient craft},
author={Loveday, Helen. Islamic},
year={2001},
  publisher       = {Archetype Publications}
}

@Article{Mahdavi_2003,
  author          = {Mahdavi, Farid},
  title           = {Paper Before Print: The History and Impact of Paper in the
                  Islamic World. By Jonathan M. Bloom (New Haven, Yale
                  University Press, 2001) 270 pp. $45.00},
  year            = 2003,
  volume          = 34,
  number          = 1,
  month           = {Jul},
  pages           = {129–130},
  issn            = {1530-9169},
  doi             = {10.1162/002219503322645899},
  url             = {http://dx.doi.org/10.1162/002219503322645899},
  journal         = {Journal of Interdisciplinary History},
  publisher       = {MIT Press - Journals}
}

@Article{Kinnarinen_2016,
  author          = {Kinnarinen, Teemu and Golmaei, Mohammad and Jernström, Eeva
                  and Häkkinen, Antti},
  title           = {Separation, treatment and utilization of inorganic residues
                  of chemical pulp mills},
  year            = 2016,
  volume          = 133,
  month           = {Oct},
  pages           = {953–964},
  issn            = {0959-6526},
  doi             = {10.1016/j.jclepro.2016.06.024},
  url             = {http://dx.doi.org/10.1016/j.jclepro.2016.06.024},
  journal         = {Journal of Cleaner Production},
  publisher       = {Elsevier BV}
}


@article{andreola11_model_simul_analy_react_system,
  author          = {Ricardo Andreola and Regina Maria Matos Jorge and
                  On{\'e}lia Aparecida Andreo dos Santos and Luiz Mario de Matos
                  Jorge},
  title           = {Modeling, Simulation, and Analysis of a Reactor System for
                  the Generation of White Liquor of a Pulp and Paper Industry},
  journal         = {Brazilian Archives of Biology and Technology},
  volume          = {54},
  number          = {1},
  pages           = {197-206},
  year            = {2011},
  doi             = {10.1590/s1516-89132011000100024},
  url             = {https://doi.org/10.1590/s1516-89132011000100024},
  DATE_ADDED      = {Wed Jan 16 06:49:36 2019},
}

@article{brunelle15_evaluat_impac_risin_fertil_prices_crop_yield,
  author          = {T. Brunelle and P. Dumas and F. Souty and B. Dorin and F.
                  Nadaud},
  title           = {Evaluating the Impact of Rising Fertilizer Prices on Crop
                  Yields},
  journal         = {Agricultural Economics},
  volume          = {46},
  number          = {5},
  pages           = {653-666},
  year            = {2015},
  doi             = {10.1111/agec.12161},
  url             = {https://doi.org/10.1111/agec.12161},
  DATE_ADDED      = {Wed Jan 16 06:51:14 2019},
}


@article{buruberri15_prepar_clink_from_paper_pulp_indus_wastes,
  author          = {Leire H. Buruberri and M.P. Seabra and J.A. Labrincha},
  title           = {Preparation of Clinker From Paper Pulp Industry Wastes},
  journal         = {Journal of Hazardous Materials},
  volume          = {286},
  number          = {nil},
  pages           = {252-260},
  year            = {2015},
  doi             = {10.1016/j.jhazmat.2014.12.053},
  url             = {https://doi.org/10.1016/j.jhazmat.2014.12.053},
  DATE_ADDED      = {Wed Jan 16 06:51:48 2019},
}

@article{edmondson14_urban_cultiv_allot_maint_soil,
  author          = {Jill L. Edmondson and Zoe G. Davies and Kevin J. Gaston and
                  Jonathan R. Leake},
  title           = {Urban Cultivation in Allotments Maintains Soil Qualities
                  Adversely Affected By Conventional Agriculture},
  journal         = {Journal of Applied Ecology},
  volume          = {51},
  number          = {4},
  pages           = {880-889},
  year            = {2014},
  doi             = {10.1111/1365-2664.12254},
  url             = {https://doi.org/10.1111/1365-2664.12254},
  DATE_ADDED      = {Wed Jan 16 06:52:31 2019},
}


@article{jia14_metal_mobil_tailin_cover_with,
  author          = {Yu Jia and Christian Maurice and Bj{\"o}rn {\"O}hlander},
  title           = {Metal Mobilization in Tailings Covered With Alkaline
                  Residue Products: Results From a Leaching Test Using Fly Ash,
                  Green Liquor Dregs, and Lime Mud},
  journal         = {Mine Water and the Environment},
  volume          = {34},
  number          = {3},
  pages           = {270-287},
  year            = {2014},
  doi             = {10.1007/s10230-014-0317-1},
  url             = {https://doi.org/10.1007/s10230-014-0317-1},
  DATE_ADDED      = {Wed Jan 16 06:53:29 2019},
}


@article{jia13_use_amend_tailin_as_mine_waste_cover,
  author          = {Yu Jia and David Stenman and Maria M{\"a}kitalo and
                  Christian Maurice and Bj{\"o}rn {\"O}hlander},
  title           = {Use of Amended Tailings As Mine Waste Cover},
  journal         = {Waste and Biomass Valorization},
  volume          = {4},
  number          = {4},
  pages           = {709-718},
  year            = {2013},
  doi             = {10.1007/s12649-013-9232-0},
  url             = {https://doi.org/10.1007/s12649-013-9232-0},
  DATE_ADDED      = {Wed Jan 16 06:55:17 2019},
}


@article{maekitalo14_charac_green_liquor_dregs_poten,
  author          = {Maria M{\"a}kitalo and Christian Maurice and Yu Jia and
                  Bj{\"o}rn {\"O}hlander},
  title           = {Characterization of Green Liquor Dregs, Potentially Useful
                  for Prevention of the Formation of Acid Rock Drainage},
  journal         = {Minerals},
  volume          = {4},
  number          = {2},
  pages           = {330-344},
  year            = {2014},
  doi             = {10.3390/min4020330},
  url             = {https://doi.org/10.3390/min4020330},
  DATE_ADDED      = {Wed Jan 16 06:55:53 2019},
}


@article{poykio14_evaluat_bio_acces_non_proces,
  author          = {Risto Poykio and Hannu Nurmesniemi and Olli Dahl and Gary
                  Watkins and Kati Manskinen},
  title           = {Evaluation of the Bio-Accessible Non-Process Element
                  Concentrations in Slaker Grits By Synthetic Sweat and Gastric
                  Fluids Extraction},
  journal         = {Journal of Environmental and Occupational Science},
  volume          = {3},
  number          = {2},
  pages           = {65},
  year            = {2014},
  doi             = {10.5455/jeos.20140315081719},
  url             = {https://doi.org/10.5455/jeos.20140315081719},
  DATE_ADDED      = {Wed Jan 16 06:56:34 2019},
}


@article{qin15_recyc_lime_mud_fly_ash,
  author          = {Juan Qin and Chong Cui and Xiaoyu Cui and Ahmad Hussain and
                  Chuanmeng Yang and Shihai Yang},
  title           = {Recycling of Lime Mud and Fly Ash for Fabrication of
                  Anorthite Ceramic At Low Sintering Temperature},
  journal         = {Ceramics International},
  volume          = {41},
  number          = {4},
  pages           = {5648-5655},
  year            = {2015},
  doi             = {10.1016/j.ceramint.2014.12.149},
  url             = {https://doi.org/10.1016/j.ceramint.2014.12.149},
  DATE_ADDED      = {Wed Jan 16 06:58:31 2019},
}

@article{ragnvaldsson14_novel_method_reduc_acid_mine,
  author          = {Daniel Ragnvaldsson and Magnus Bergknut and Jeffrey Lewis
                  and Stina Drotz and Anton Lundkvist and Kent Abrahamsson and
                  Sten Fernerud},
  title           = {A Novel Method for Reducing Acid Mine Drainage Using Green
                  Liquor Dregs},
  journal         = {Environmental Chemistry Letters},
  volume          = {12},
  number          = {3},
  pages           = {443-447},
  year            = {2014},
  doi             = {10.1007/s10311-014-0469-z},
  url             = {https://doi.org/10.1007/s10311-014-0469-z},
  DATE_ADDED      = {Wed Jan 16 07:07:03 2019},
}


@article{zhang15_lime_mud_from_paper_proces,
  author          = {Jishi Zhang and Pengwei Zheng and Qinqing Wang},
  title           = {Lime Mud From Papermaking Process As a Potential Ameliorant
                  for Pollutants At Ambient Conditions: a Review},
  journal         = {Journal of Cleaner Production},
  volume          = {103},
  number          = {nil},
  pages           = {828-836},
  year            = {2015},
  doi             = {10.1016/j.jclepro.2014.06.052},
  url             = {https://doi.org/10.1016/j.jclepro.2014.06.052},
  DATE_ADDED      = {Wed Jan 16 07:08:56 2019},
}

@article{zhang14_anaer_diges_food_waste_stabil,
  author          = {Jishi Zhang and Qinqing Wang and Pengwei Zheng and Yusong
                  Wang},
  title           = {Anaerobic Digestion of Food Waste Stabilized By Lime Mud
                  From Papermaking Process},
  journal         = {Bioresource Technology},
  volume          = {170},
  number          = {nil},
  pages           = {270-277},
  year            = {2014},
  doi             = {10.1016/j.biortech.2014.08.003},
  url             = {https://doi.org/10.1016/j.biortech.2014.08.003},
  DATE_ADDED      = {Wed Jan 16 07:09:33 2019},
}

@book{ Handbook_of_pulp,
title={Handbook of pulp},
author={Sixta, H.},
year={2006},
  volume          = {2},
  publisher       = {WILEY-VCH Verlag GmbH & Co. KGaA, Weinheim, Germany}
}

@article{sthiannopkao09_utiliz_pulp_paper_indus_wastes,
  author          = {Suthipong Sthiannopkao and Siranee Sreesai},
  title           = {Utilization of Pulp and Paper Industrial Wastes To Remove
                  Heavy Metals From Metal Finishing Wastewater},
  journal         = {Journal of Environmental Management},
  volume          = {90},
  number          = {11},
  pages           = {3283-3289},
  year            = {2009},
  doi             = {10.1016/j.jenvman.2009.05.006},
  url             = {https://doi.org/10.1016/j.jenvman.2009.05.006},
  DATE_ADDED      = {Wed Jan 16 07:27:19 2019},
}

@article{eriksson96_displ_washin_lime_mud,
  author          = {Gunnar Eriksson and Anders Rasmuson and Hans Theliander},
  title           = {Displacement Washing of Lime Mud: Tailing Effects},
  journal         = {Separations Technology},
  volume          = {6},
  number          = {3},
  pages           = {201-210},
  year            = {1996},
  doi             = {10.1016/0956-9618(96)00154-3},
  url             = {https://doi.org/10.1016/0956-9618(96)00154-3},
  DATE_ADDED      = {Wed Jan 16 07:39:42 2019},
}

@article{.06_soil_stabil_fores_roads_sub,
  author          = {Habip Eroglu . and H. Hulusi Acar . and Osman Ucuncu . and
                  Sami Imamoglu .},
  title           = {Soil Stabilization of Forest Roads Sub-Base Using Lime Mud
                  Waste From the Chemical Recovery Process in Alkaline Pulp
                  Mill},
  journal         = {Journal of Applied Sciences},
  volume          = {6},
  number          = {5},
  pages           = {1199-1203},
  year            = {2006},
  doi             = {10.3923/jas.2006.1199.1203},
  url             = {https://doi.org/10.3923/jas.2006.1199.1203},
  DATE_ADDED      = {Wed Jan 16 07:42:28 2019},
}
